<record><leader>00000cas a22000007a 4500</leader><controlfield tag="001">11753938</controlfield><controlfield tag="008">850302d18701881wiuwr ne      0    0eng d</controlfield><datafield ind1=" " ind2=" " tag="010"><subfield code="a">sn 85033202 </subfield></datafield><datafield ind1=" " ind2=" " tag="040"><subfield code="a">NPU</subfield><subfield code="b">eng</subfield><subfield code="c">NPU</subfield><subfield code="d">NPV</subfield><subfield code="d">NVF</subfield><subfield code="d">MGN</subfield><subfield code="d">OCLCQ</subfield><subfield code="d">OCLCF</subfield><subfield code="d">OCLCO</subfield></datafield><datafield ind1="1" ind2=" " tag="029"><subfield code="a">AU@</subfield><subfield code="b">000020368433</subfield></datafield><datafield ind1=" " ind2=" " tag="042"><subfield code="a">msc</subfield></datafield><datafield ind1=" " ind2=" " tag="043"><subfield code="a">n-us-wi</subfield></datafield><datafield ind1=" " ind2=" " tag="045"><subfield code="a">w7w8</subfield></datafield><datafield ind1=" " ind2=" " tag="052"><subfield code="a">4123</subfield><subfield code="b">W6</subfield></datafield><datafield ind1="0" ind2=" " tag="130"><subfield code="a">New London times (New London, Wis. : 1870)</subfield></datafield><datafield ind1="1" ind2="0" tag="245"><subfield code="a">New London times.</subfield></datafield><datafield ind1=" " ind2=" " tag="260"><subfield code="a">New London, Wis. :</subfield><subfield code="b">J.A. Ogden &amp; A.C. Macrorie</subfield></datafield><datafield ind1=" " ind2=" " tag="300"><subfield code="a">v. ;</subfield><subfield code="c">51 cm.</subfield></datafield><datafield ind1=" " ind2=" " tag="310"><subfield code="a">Weekly</subfield></datafield><datafield ind1="1" ind2=" " tag="362"><subfield code="a">Began in Nov. 1870; ceased in Feb. or Mar. 1881.</subfield></datafield><datafield ind1=" " ind2=" " tag="500"><subfield code="a">Editors: J.A. Ogden &amp; A.C. Macrorie, &lt;March 2, 1971&gt;; E.E. Gordon, &lt;July 12, 1872&gt;-&lt;May 11, 1875&gt;; Gordon &amp; Walker, &lt;Jan. 1, 1876&gt;-Aug. 4, 1877; E.E. Gordon, Aug. 11, 1877-&lt;Sept. 7, 1878&gt;; Gordon &amp; Stinchfield Bros., &lt;Sept. 21, 1878&gt;-Feb. 1, 1879; Gordon &amp; Patchen, Feb. 8-July 25, 1879; G.M. Patchen, Aug. 2, 1879-&lt;Feb. 19, 1881&gt;.</subfield></datafield><datafield ind1=" " ind2=" " tag="525"><subfield code="a">Supplements accompany some issues.</subfield></datafield><datafield ind1=" " ind2=" " tag="530"><subfield code="a">Available on microfilm from The State Historical Society of Wisconsin.</subfield></datafield><datafield ind1=" " ind2=" " tag="588"><subfield code="a">Description based on: Vol. 1, no. 19 (Mar. 2, 1871).</subfield></datafield><datafield ind1=" " ind2="0" tag="651"><subfield code="a">New London (Wis.)</subfield><subfield code="v">Newspapers.</subfield></datafield><datafield ind1=" " ind2="7" tag="655"><subfield code="a">Newspapers.</subfield><subfield code="2">fast</subfield><subfield code="0">(OCoLC)fst01423814</subfield></datafield><datafield ind1=" " ind2="7" tag="651"><subfield code="a">Wisconsin</subfield><subfield code="z">New London.</subfield><subfield code="2">fast</subfield><subfield code="0">(OCoLC)fst01222703</subfield></datafield><datafield ind1=" " ind2=" " tag="752"><subfield code="a">United States</subfield><subfield code="b">Wisconsin</subfield><subfield code="c">Waupaca</subfield><subfield code="d">New London.</subfield></datafield><datafield ind1="0" ind2="0" tag="785"><subfield code="t">New London times and tribune</subfield><subfield code="w">(DLC)sn 85040935</subfield></datafield></record>